<record><leader>00000cas a22000007a 4500</leader><controlfield tag="001">17109654</controlfield><controlfield tag="008">871128c19359999iauwr ne      0    0eng d</controlfield><datafield ind1=" " ind2=" " tag="010"><subfield code="a">sn 87057446 </subfield></datafield><datafield ind1=" " ind2=" " tag="040"><subfield code="a">INP</subfield><subfield code="b">eng</subfield><subfield code="c">INP</subfield><subfield code="d">OCLCQ</subfield><subfield code="d">IUL</subfield></datafield><datafield ind1=" " ind2=" " tag="042"><subfield code="a">msc</subfield></datafield><datafield ind1="0" ind2="0" tag="245"><subfield code="a">Harlan news-advertiser.</subfield></datafield><datafield ind1="3" ind2="0" tag="246"><subfield code="a">News advertiser</subfield></datafield><datafield ind1="1" ind2="3" tag="246"><subfield code="a">Harlan Republican</subfield></datafield><datafield ind1=" " ind2=" " tag="260"><subfield code="a">Harlan, Iowa :</subfield><subfield code="b">D.K. Brown,</subfield><subfield code="c">1935-</subfield></datafield><datafield ind1=" " ind2=" " tag="300"><subfield code="a">v.</subfield></datafield><datafield ind1=" " ind2=" " tag="310"><subfield code="a">Weekly</subfield></datafield><datafield ind1="0" ind2=" " tag="362"><subfield code="a">Vol. 66, no. 27 (July 4, 1935)-</subfield></datafield><datafield ind1=" " ind2=" " tag="500"><subfield code="a">Title varies slightly.</subfield></datafield><datafield ind1=" " ind2=" " tag="500"><subfield code="a">Issues for &lt;July 26, 1986- called: Weekender edition.</subfield></datafield><datafield ind1=" " ind2=" " tag="752"><subfield code="a">United States</subfield><subfield code="b">Iowa</subfield><subfield code="c">Shelby</subfield><subfield code="d">Harlan.</subfield></datafield><datafield ind1="0" ind2=" " tag="777"><subfield code="t">Harlan tribune</subfield><subfield code="g">&lt;Feb. 15, 1946-&gt;</subfield><subfield code="w">(DLC)sn 87057437</subfield><subfield code="w">(OCoLC)17109655</subfield></datafield><datafield ind1="0" ind2="0" tag="780"><subfield code="t">Harlan Republican</subfield><subfield code="w">(DLC)sn 87057447</subfield><subfield code="w">(OCoLC)17109653</subfield></datafield></record>